@misc{componentsource2023,
  author       = "ComponentSource",
  title        = "XAF - eXpressApp Framework Overview",
  year         = "2023",
  url          = "https://www.componentsource.com/product/xaf/about",
  note         = "[Accessed: 23-Oct-2024]"
}

@misc{devexpress,
    author       = "{DevExpress}",
    title        = "{eXpressApp Framework (XAF)}",
    howpublished = "\url{https://www.devexpress.com/products/net/application_framework/}",
    note         = "Consultado el 23 de octubre de 2024"
}

@online{polyxer2024,
  author = "Polyxer",
  title = "Benefits of Software Development Frameworks",
  year = "2024",
  url = "https://polyxer.com/blogs/software-development-frameworks/",
  note = "Consultado en octubre 2024"
}

@misc{tithink2018,
  author       = "{TiThink}",
  title        = "{Framework o Librerías: Ventajas y Desventajas}",
  year         = "2018",
  url          = "https://www.tithink.com/es/2018/08/29/framework-o-librerias-ventajas-y-desventajas/",
  note         = "[Último acceso: octubre 23, 2024]"
}
